<record><leader>00000cas a2200000 a 4500</leader><controlfield tag="001">9485112</controlfield><controlfield tag="008">830506d18671868aluwr ne      0   a0eng d</controlfield><controlfield tag="009">3212</controlfield><datafield ind1=" " ind2=" " tag="010"><subfield code="a">sn 87050311 </subfield></datafield><datafield ind1=" " ind2=" " tag="040"><subfield code="a">ANO</subfield><subfield code="b">eng</subfield><subfield code="c">ANO</subfield><subfield code="d">CPN</subfield><subfield code="d">NVF</subfield><subfield code="d">OCL</subfield></datafield><datafield ind1=" " ind2=" " tag="042"><subfield code="a">msc</subfield></datafield><datafield ind1="0" ind2="4" tag="245"><subfield code="a">The Literary index.</subfield></datafield><datafield ind1=" " ind2=" " tag="260"><subfield code="a">Florence, Ala. :</subfield><subfield code="b">Silas G. and Isaac S. Barr,</subfield><subfield code="c">1867-1868.</subfield></datafield><datafield ind1=" " ind2=" " tag="300"><subfield code="a">v.</subfield></datafield><datafield ind1=" " ind2=" " tag="310"><subfield code="a">Weekly.</subfield></datafield><datafield ind1="0" ind2=" " tag="362"><subfield code="a">Vol. 1, no. 1 (Dec. 12, 1867)-v. 2, no. 1 (Dec. 9, 1868).</subfield></datafield><datafield ind1=" " ind2=" " tag="752"><subfield code="a">United states</subfield><subfield code="b">Alabama</subfield><subfield code="c">Lauderdale</subfield><subfield code="d">Florence.</subfield></datafield><datafield ind1="0" ind2="1" tag="780"><subfield code="t">Florence journal (Florence, Ala. : 1865)</subfield><subfield code="w">(DLC)sn 86072202</subfield></datafield><datafield ind1="0" ind2="5" tag="785"><subfield code="t">Florence journal (Florence, Ala. : 1868)</subfield><subfield code="w">(DLC)sn 87050312</subfield></datafield></record>